@misc{name000,
	note = {
		XXXX\<, XXXX~:~\<「XXXX」, XXXXC\<, Vol.~121-C\<, No.~6\<, pp. ~986--991 (2001)
	}
}
